<?xml version='1.0' encoding='UTF-8'?>
<record xmlns="http://www.loc.gov/MARC21/slim">
  <leader>01519cam a2200397 a 4500</leader>
  <controlfield tag="001">343632</controlfield>
  <controlfield tag="003">NjP</controlfield>
  <controlfield tag="005">20170619131216.0</controlfield>
  <controlfield tag="008">861126s1898    ua            000 0 arard</controlfield>
  <datafield tag="024" ind1="7" ind2=" ">
    <subfield code="a">princeton_aco002563</subfield>
    <subfield code="2">local</subfield>
  </datafield>
  <datafield ind1=" " ind2=" " tag="035">
    <subfield code="a">(OCoLC)ocn175914919</subfield>
  </datafield>
  <datafield ind1=" " ind2=" " tag="035">
    <subfield code="a">(OCoLC)81642763</subfield>
  </datafield>
  <datafield ind1=" " ind2=" " tag="040">
    <subfield code="a">NjP</subfield>
    <subfield code="c">PUL</subfield>
    <subfield code="d">PUL</subfield>
  </datafield>
  <datafield ind1=" " ind2=" " tag="066">
    <subfield code="c">(3</subfield>
  </datafield>
  <datafield ind1=" " ind2=" " tag="035">
    <subfield code="a">(OCoLC)175914919</subfield>
  </datafield>
  <datafield ind1=" " ind2=" " tag="035">
    <subfield code="a">(CStRLIN)NJPG86-B53480</subfield>
  </datafield>
  <datafield ind1=" " ind2=" " tag="035">
    <subfield code="9">ABR8988TS</subfield>
  </datafield>
  <datafield ind1=" " ind2=" " tag="035">
    <subfield code="a">(NjP)343632</subfield>
  </datafield>
  <datafield ind1=" " ind2=" " tag="079">
    <subfield code="a">ocm81642763</subfield>
  </datafield>
  <datafield ind1=" " ind2=" " tag="049">
    <subfield code="a">PULL</subfield>
  </datafield>
  <datafield ind1="1" ind2=" " tag="100">
    <subfield code="6">880-01</subfield>
    <subfield code="a">Sukkarī, Muḥammad Amīn al-Ṣūfī.</subfield>
  </datafield>
  <datafield ind1="1" ind2="0" tag="245">
    <subfield code="6">880-02</subfield>
    <subfield code="a">Samīr al-layālī /</subfield>
    <subfield code="c">taʼlīf Muḥammad Amīn al-Ṣūfī al-Sukkarī.</subfield>
  </datafield>
  <datafield ind1=" " ind2=" " tag="250">
    <subfield code="6">880-03</subfield>
    <subfield code="a">[al-Ṭabʻah 1.]</subfield>
  </datafield>
  <datafield ind1=" " ind2=" " tag="260">
    <subfield code="6">880-04</subfield>
    <subfield code="a">Miṣr :</subfield>
    <subfield code="b">al-Maktabah al-Ahlīyah,</subfield>
    <subfield code="c">1316 [1898]</subfield>
  </datafield>
  <datafield ind1=" " ind2=" " tag="300">
    <subfield code="a">2 v. (443 p.) ;</subfield>
    <subfield code="c">25 cm.</subfield>
  </datafield>
  <datafield ind1=" " ind2="0" tag="650">
    <subfield code="a">Curiosities and wonders.</subfield>
    <subfield code="0">http://id.loc.gov/authorities/subjects/sh85034859</subfield>
  </datafield>
  <datafield ind1=" " ind2="0" tag="650">
    <subfield code="a">History</subfield>
    <subfield code="x">Miscellanea.</subfield>
    <subfield code="0">http://id.loc.gov/authorities/subjects/sh85061219</subfield>
  </datafield>
  <datafield ind1="4" ind2=" " tag="856">
    <subfield code="u">http://catalog.hathitrust.org/Record/009030707</subfield>
  </datafield>
  <datafield ind1="1" ind2=" " tag="880">
    <subfield code="6">100-01/(3/r</subfield>
    <subfield code="a">سكري، محمد امين الصوفي.</subfield>
  </datafield>
  <datafield ind1="1" ind2="0" tag="880">
    <subfield code="6">245-02/(3/r</subfield>
    <subfield code="a">سمير الليالي /</subfield>
    <subfield code="c">تأليف محمد امين الصوفي السكري.</subfield>
  </datafield>
  <datafield ind1=" " ind2=" " tag="880">
    <subfield code="6">250-03/(3/r</subfield>
    <subfield code="a">[الطبعة 1.]</subfield>
  </datafield>
  <datafield ind1=" " ind2=" " tag="880">
    <subfield code="6">260-04/(3/r</subfield>
    <subfield code="a">مصر :</subfield>
    <subfield code="b">المكتبة الاهلية،</subfield>
    <subfield code="c">1316 [1898]</subfield>
  </datafield>
  <datafield ind1=" " ind2=" " tag="998">
    <subfield code="a">11/26/86</subfield>
    <subfield code="s">9124</subfield>
    <subfield code="n">NjP</subfield>
    <subfield code="w">NJPG86B53480</subfield>
    <subfield code="d">11/26/86</subfield>
    <subfield code="c">SSH</subfield>
    <subfield code="b">JCB</subfield>
    <subfield code="i">861126</subfield>
    <subfield code="l">NJPG</subfield>
  </datafield>
  <datafield ind1=" " ind2=" " tag="948">
    <subfield code="a">CON PC2</subfield>
  </datafield>
  <datafield ind1=" " ind2=" " tag="911">
    <subfield code="a">19921028</subfield>
  </datafield>
  <datafield ind1=" " ind2=" " tag="912">
    <subfield code="a">19900827000000.0</subfield>
  </datafield>
  <datafield ind1=" " ind2=" " tag="994">
    <subfield code="a">C0</subfield>
    <subfield code="b">PUL</subfield>
  </datafield>
  <datafield ind1=" " ind2=" " tag="999">
    <subfield code="a">343632</subfield>
  </datafield>
  <datafield ind1="0" ind2="0" tag="852">
    <subfield code="0">375481</subfield>
    <subfield code="b">nec</subfield>
    <subfield code="t">1</subfield>
    <subfield code="h">AG243</subfield>
    <subfield code="i">.xS9 1898</subfield>
  </datafield>
  <datafield ind1="8" ind2=" " tag="852">
    <subfield code="0">8679320</subfield>
    <subfield code="b">elf1</subfield>
    <subfield code="h">Electronic Resource</subfield>
  </datafield>
  <datafield ind1=" " ind2=" " tag="959">
    <subfield code="a">2000-06-08 00:00:00 -0500</subfield>
  </datafield>
</record>
